<record><leader>00000cas a22000007a 4500</leader><controlfield tag="001">15200107</controlfield><controlfield tag="008">870216d18uu1uuuiauuu ne      0    0eng d</controlfield><datafield ind1=" " ind2=" " tag="010"><subfield code="a">sn 87058044 </subfield></datafield><datafield ind1=" " ind2=" " tag="040"><subfield code="a">INP</subfield><subfield code="b">eng</subfield><subfield code="c">INP</subfield><subfield code="d">OCL</subfield><subfield code="d">OCLCQ</subfield></datafield><datafield ind1=" " ind2=" " tag="042"><subfield code="a">msc</subfield></datafield><datafield ind1="0" ind2=" " tag="130"><subfield code="a">Evening journal (Mount Pleasant, Iowa : 1871)</subfield></datafield><datafield ind1="1" ind2="0" tag="245"><subfield code="a">Evening journal.</subfield></datafield><datafield ind1="1" ind2="3" tag="246"><subfield code="a">Daily evening journal</subfield></datafield><datafield ind1=" " ind2=" " tag="260"><subfield code="a">Mount Pleasant, Iowa :</subfield><subfield code="b">[s.n.]</subfield></datafield><datafield ind1=" " ind2=" " tag="300"><subfield code="a">v.</subfield></datafield><datafield ind1=" " ind2=" " tag="500"><subfield code="a">Published during the Henry County Fair.</subfield></datafield><datafield ind1=" " ind2=" " tag="500"><subfield code="a">Later publisher: McAdam &amp; Palm, &lt;Sept. 16, 1880&gt;.</subfield></datafield><datafield ind1=" " ind2=" " tag="588"><subfield code="a">Description based on: Oct. 6, 1871.</subfield></datafield><datafield ind1=" " ind2=" " tag="752"><subfield code="a">United States</subfield><subfield code="b">Iowa</subfield><subfield code="c">Henry</subfield><subfield code="d">Mount Pleasant.</subfield></datafield></record>